

@article{ZHANG20081873,
title = "On the completeness of orientation rules for causal discovery in the presence of latent confounders and selection bias",
journal = "Artificial Intelligence",
volume = "172",
number = "16",
pages = "1873 - 1896",
year = "2008",
issn = "0004-3702",
doi = "https://doi.org/10.1016/j.artint.2008.08.001",
url = "http://www.sciencedirect.com/science/article/pii/S0004370208001008",
author = "Jiji Zhang",
keywords = "Ancestral graphs, Automated causal discovery, Bayesian networks, Causal models, Markov equivalence, Latent variables"
}

@incollection{verma1990causal,
  title={Causal networks: Semantics and expressiveness},
  author={Verma, Thomas and Pearl, Judea},
  booktitle={Machine Intelligence and Pattern Recognition},
  volume={9},
  pages={69--76},
  year={1990},
  publisher={Elsevier}
}

@article{kalisch2007estimating,
  title={Estimating high-dimensional directed acyclic graphs with the PC-algorithm},
  author={Kalisch, Markus and B{\"u}hlmann, Peter},
  journal={Journal of Machine Learning Research},
  volume={8},
  number={Mar},
  pages={613--636},
  year={2007}
}
@article{colombo2012learning,
  title={Learning high-dimensional directed acyclic graphs with latent and selection variables},
  author={Colombo, Diego and Maathuis, Marloes H and Kalisch, Markus and Richardson, Thomas S},
  journal={The Annals of Statistics},
  pages={294--321},
  year={2012},
  publisher={JSTOR}
}

@article{zhang2008causal,
  title={Causal reasoning with ancestral graphs},
  author={Zhang, Jiji},
  journal={Journal of Machine Learning Research},
  volume={9},
  number={Jul},
  pages={1437--1474},
  year={2008}
}
@article{geiger1990identifying,
  title={Identifying independence in Bayesian networks},
  author={Geiger, Dan and Verma, Thomas and Pearl, Judea},
  journal={Networks},
  volume={20},
  number={5},
  pages={507--534},
  year={1990},
  publisher={Wiley Online Library}
}

@article{pearl2003causality,
  title={Causality: models, reasoning, and inference},
  author={Pearl, Judea},
  journal={Econometric Theory},
  volume={19},
  number={675-685},
  pages={46},
  year={2003}
}

@article{pearl2009,

doi = "10.1214/09-SS057",
fjournal = "Statistics Surveys",
journal = "Statist. Surv.",
pages = "96--146",
publisher = "The American Statistical Association, the Bernoulli Society, the Institute of Mathematical Statistics, and the Statistical Society of Canada",
title = "Causal inference in statistics: An overview",
url = "https://doi.org/10.1214/09-SS057",
volume = "3",
author ="Judea Pearl",
year = "2009"
}

@article{scheines1997introduction,
  title={An introduction to causal inference},
  author={Scheines, Richard},
  publisher={Citeseer}
}

@article{spirtes1991algorithm,
  title={An algorithm for fast recovery of sparse causal graphs},
  author={Spirtes, Peter and Glymour, Clark},
  journal={Social science computer review},
  volume={9},
  number={1},
  pages={62--72},
  year={1991},
  publisher={Sage Publications Sage CA: Thousand Oaks, CA}
}